
@misc{world_health_organisation_dashboard_2021,
  title    = {{WHO} {Coronavirus} {Disease} ({COVID}-19) {Dashboard}},
  url      = {https://covid19.who.int},
  abstract = {World Health Organization Coronavirus disease situation dashboard presents official daily counts of COVID-19 cases and deaths worldwide, while providing a hub to other resources. Interactive tools, including maps, epidemic curves and other charts and graphics, with downloadable data, allow users to track and explore the latest trends, numbers and statistics at global, regional and country levels.},
  language = {en},
  urldate  = {2021-02-01},
  journal  = {WHO Coronavirus Disease (COVID-19) Dashboard},
  author   = {{World Health Organisation}},
  year     = 2021
}

@article{koh_messaging_2020,
  title   = {Messaging {Fatigue} and {Desensitisation} to {Information} {During} {Pandemic}},
  volume  = {51},
  issn    = {0188-4409},
  url     = {https://www.ncbi.nlm.nih.gov/pmc/articles/PMC7377807/},
  doi     = {10.1016/j.arcmed.2020.06.014},
  number  = {7},
  urldate = {2021-02-01},
  journal = {Archives of Medical Research},
  author  = {Koh, Philip Kheng-Keah and Chan, Ling Ling and Tan, Eng-King},
  month   = oct,
  year    = {2020},
  pmid    = {32713728},
  pmcid   = {PMC7377807},
  pages   = {716--717}
}

